<record><leader>00000cas a22000007a 4500</leader><controlfield tag="001">9821621</controlfield><controlfield tag="008">830818d19571981ksuwr ne      0    0eng d</controlfield><controlfield tag="009">3789</controlfield><datafield ind1=" " ind2=" " tag="010"><subfield code="a">sn 83040514 </subfield></datafield><datafield ind1=" " ind2=" " tag="040"><subfield code="a">KSH</subfield><subfield code="b">eng</subfield><subfield code="c">KSH</subfield><subfield code="d">NPT</subfield><subfield code="d">NSD</subfield></datafield><datafield ind1="1" ind2=" " tag="029"><subfield code="a">AU@</subfield><subfield code="b">000025798554</subfield></datafield><datafield ind1=" " ind2=" " tag="042"><subfield code="a">msc</subfield></datafield><datafield ind1=" " ind2=" " tag="043"><subfield code="a">n-us-ks</subfield></datafield><datafield ind1="0" ind2="4" tag="245"><subfield code="a">The Butler County news and Butler free-lance.</subfield></datafield><datafield ind1=" " ind2=" " tag="260"><subfield code="a">El Dorado, Kan. :</subfield><subfield code="b">James W. Greenbank, W. Grant Greenbank,</subfield><subfield code="c">1957-1981.</subfield></datafield><datafield ind1=" " ind2=" " tag="300"><subfield code="a">25 v. :</subfield><subfield code="b">ill. ;</subfield><subfield code="c">55 cm.</subfield></datafield><datafield ind1=" " ind2=" " tag="310"><subfield code="a">Weekly</subfield></datafield><datafield ind1="0" ind2=" " tag="362"><subfield code="a">Vol. 36, no. 15 (Mar. 14, 1957)-v. 60, no. 18 (Apr. 29, 1981).</subfield></datafield><datafield ind1=" " ind2=" " tag="500"><subfield code="a">Published on Thursday.</subfield></datafield><datafield ind1=" " ind2=" " tag="530"><subfield code="a">Available on microfilm from the Forman Co., Monmouth, Ill.</subfield></datafield><datafield ind1=" " ind2=" " tag="500"><subfield code="a">Editor: Jessie Stratford.</subfield></datafield><datafield ind1="1" ind2=" " tag="700"><subfield code="a">Greenback, James W.</subfield></datafield><datafield ind1="1" ind2=" " tag="700"><subfield code="a">Greenback, W. Grant.</subfield></datafield><datafield ind1="1" ind2=" " tag="700"><subfield code="a">Stratford, Jessie Cleveland.</subfield></datafield><datafield ind1=" " ind2=" " tag="752"><subfield code="a">United States</subfield><subfield code="b">Kansas</subfield><subfield code="c">Butler</subfield><subfield code="d">El Dorado.</subfield></datafield><datafield ind1="0" ind2="4" tag="780"><subfield code="t">Butler County news</subfield><subfield code="w">(DLC)sn 83040477</subfield></datafield><datafield ind1="0" ind2="4" tag="780"><subfield code="t">Butler free-lance</subfield><subfield code="w">(DLC)sn 83040649</subfield></datafield><datafield ind1="0" ind2="5" tag="780"><subfield code="t">Western Butler County times</subfield><subfield code="g">Aug. 1980</subfield><subfield code="w">(DLC)sn 83040513</subfield></datafield><datafield ind1="0" ind2="5" tag="780"><subfield code="t">Leon news</subfield><subfield code="g">Aug. 1980</subfield><subfield code="w">(DLC)sn 8216259</subfield></datafield><datafield ind1="0" ind2="5" tag="780"><subfield code="t">Independent (Whitewater, Kan.)</subfield><subfield code="g">Aug. 1980</subfield><subfield code="w">(DLC)sn 83040509</subfield></datafield><datafield ind1="0" ind2="5" tag="780"><subfield code="t">Benton banner</subfield><subfield code="g">Aug. 1980</subfield><subfield code="w">(DLC)sn 83040498</subfield></datafield><datafield ind1="0" ind2="4" tag="785"><subfield code="t">El Dorado times</subfield><subfield code="x">1053-9999</subfield><subfield code="w">(DLC)sn 83040494</subfield></datafield></record>